
@software{harris_advanced_2021,
	title = {Advanced Deep Learning Graphics Pipeline ({ADLGP})},
	url = {https://github.com/wharris2-uccs/adlgp},
	abstract = {Advanced Deep Learning Graphics Pipeline},
	author = {Harris, Mark Wesley},
	urldate = {2023-09-28},
	date = {2021-12-12},
	note = {original-date: 2021-12-11T22:38:36Z},
}

@inproceedings{harris_multi-stage_2021,
	location = {New York, {NY}, {USA}},
	title = {A Multi-Stage Advanced Deep Learning Graphics Pipeline},
	isbn = {978-1-4503-9073-6},
	url = {https://dl.acm.org/doi/10.1145/3478512.3488609},
	doi = {10.1145/3478512.3488609},
	series = {{SA} '21},
	pages = {1--4},
	booktitle = {{SIGGRAPH} Asia 2021 Technical Communications},
	publisher = {Association for Computing Machinery},
	author = {Harris, Mark Wesley and Semwal, Sudhanshu Kumar},
	urldate = {2023-09-27},
	date = {2021-12-14},
	keywords = {generative adversarial networks, Graphics pipeline, image processing, machine learning, rendering pipeline, rendering technologies, semantic data processing, super resolution, text-to-image},
}


@article{bitterli_spatiotemporal_2020,
	title = {Spatiotemporal reservoir resampling for real-time ray tracing with dynamic direct lighting},
	volume = {39},
	issn = {0730-0301, 1557-7368},
	url = {https://dl.acm.org/doi/10.1145/3386569.3392481},
	doi = {10.1145/3386569.3392481},
	number = {4},
	journaltitle = {{ACM} Transactions on Graphics},
	shortjournal = {{ACM} Trans. Graph.},
	author = {Bitterli, Benedikt and Wyman, Chris and Pharr, Matt and Shirley, Peter and Lefohn, Aaron and Jarosz, Wojciech},
	urldate = {2023-10-03},
	date = {2020-08-31},
	langid = {english},
	keywords = {photorealistic rendering, real-time rendering, resampled importance sampling, reservoir sampling},
}
