@inproceedings{scharnowski2022fuzzware,
  title={Fuzzware: Using Precise $\{$MMIO$\}$ Modeling for Effective Firmware Fuzzing},
  author={Scharnowski, Tobias and Bars, Nils and Schloegel, Moritz and Gustafson, Eric and Muench, Marius and Vigna, Giovanni and Kruegel, Christopher and Holz, Thorsten and Abbasi, Ali},
  booktitle={31st USENIX Security Symposium (USENIX Security 22)},
  pages={1239--1256},
  year={2022}
}